<record><leader>00000cas a22000007a 4500</leader><controlfield tag="001">7624878</controlfield><controlfield tag="008">810729d1872189umaumr ne      0    0eng d</controlfield><datafield ind1=" " ind2=" " tag="010"><subfield code="a">sn 91057090 </subfield></datafield><datafield ind1=" " ind2=" " tag="040"><subfield code="a">WIH</subfield><subfield code="c">WIH</subfield><subfield code="d">MGN</subfield><subfield code="d">OCLCQ</subfield><subfield code="d">UAB</subfield><subfield code="d">OCLCO</subfield></datafield><datafield ind1=" " ind2="4" tag="050"><subfield code="a">HN1</subfield><subfield code="b">.W67</subfield></datafield><datafield ind1="0" ind2=" " tag="130"><subfield code="a">Word (Princeton, Mass.)</subfield></datafield><datafield ind1="1" ind2="4" tag="245"><subfield code="a">The Word.</subfield></datafield><datafield ind1=" " ind2=" " tag="260"><subfield code="a">Princeton, Mass. :</subfield><subfield code="b">[Co-operative Pub. Co.]</subfield></datafield><datafield ind1=" " ind2=" " tag="300"><subfield code="a">v. ;</subfield><subfield code="c">41 cm.</subfield></datafield><datafield ind1=" " ind2=" " tag="310"><subfield code="a">Monthly</subfield></datafield><datafield ind1="0" ind2=" " tag="362"><subfield code="a">Vol. 1, no. 1 (May 1872)-</subfield></datafield><datafield ind1=" " ind2=" " tag="500"><subfield code="a">Published in Cambridge, Mass., Aug.-Dec. 1878.</subfield></datafield><datafield ind1=" " ind2=" " tag="515"><subfield code="a">Vol. 4, no. 2 (June 1875)-v. 20, no. 10 &lt;Apr. 1893&gt; called also whole no. 38-&lt;214&gt;.</subfield></datafield><datafield ind1=" " ind2=" " tag="515"><subfield code="a">Jan. 1879-Apr. 1893 noted in masthead as Jan. Y.L. 7-Apr. Y.L. 21.</subfield></datafield><datafield ind1=" " ind2="0" tag="650"><subfield code="a">Economics</subfield><subfield code="v">Periodicals.</subfield></datafield><datafield ind1=" " ind2="0" tag="650"><subfield code="a">Social problems</subfield><subfield code="v">Periodicals.</subfield></datafield><datafield ind1=" " ind2=" " tag="752"><subfield code="a">United States</subfield><subfield code="b">Massachusetts</subfield><subfield code="c">Worcester</subfield><subfield code="d">Princeton.</subfield></datafield><datafield ind1=" " ind2=" " tag="752"><subfield code="a">United States</subfield><subfield code="b">Massachusetts</subfield><subfield code="c">Middlesex</subfield><subfield code="d">Cambridge.</subfield></datafield></record>